@book{hayt1986engineering,
  title={Engineering circuit analysis},
  author={Hayt, William Hart and Kemmerly, Jack Ellsworth and Durbin, Steven M},
  year={1986},
  publisher={McGraw-Hill New York}
}

@book{datasheet,
  title={Cree 5-mm Round LED Datasheet, C503B-BCS/BCN/GCS/GCN},
  author={Cree, Inc},
  year={2014},
  url={https://www.cree.com/led-components/media/documents/C503B-BAS-BAN-BCS-BCN-GAS-GAN-GCS-GCN-1094.pdf}
}

@misc{inductors,
  author = {Tony Kuphaldt},
  title = {Magnetic Fields and Inductance},
  howpublished = "\url{https://www.allaboutcircuits.com/textbook/direct-current/chpt-15/magnetic-fields-and-inductance/}",
  year = {}
}

@misc{equations,
  author = {Tony Kuphaldt},
  title = {Simple Parallel (Tank Circuit) Resonance},
  howpublished = "\url{https://www.allaboutcircuits.com/textbook/alternating-current/chpt-6/parallel-tank-circuit-resonance/}",
  year = {}
}

@misc{basicOpAmp, title={Operational Amplifier Basics - Op-amp tutorial}, url={https://www.electronics-tutorials.ws/opamp/opamp_1.html}, journal={Basic Electronics Tutorials}, year={2019}, month={Feb}}


@misc{tidata, 
author = {{Texas Instruments}}, 
title = {LM386 Low Voltage Audio Power Amplifier}, 
year={May 2004 [Revised May 2017]}
}

@misc{nsdata, 
author = {{National Semiconductors}}, 
title = {LM741 Operational Amplifier}, 
year={August 2000}
}


@misc{motor, title={3-Phase Motor},
url={http://www.delta-fan.com/Technology/ThreePhaseMotor.htm}, 
journal={Delta-Fan}, year={2019}, month={Feb}}
